%% This BibTeX bibliography file was created using BibDesk.
%% http://bibdesk.sourceforge.net/

%% Created for Jason Jia at 2018-06-22 22:09:58 +0800 


%% Saved with string encoding Unicode (UTF-8) 



@book{brenner2007mathematical,
	Author = {Brenner, Susanne and Scott, Ridgway},
	Date-Added = {2018-06-22 12:49:02 +0000},
	Date-Modified = {2018-06-22 12:49:02 +0000},
	Publisher = {Springer Science \& Business Media},
	Title = {The mathematical theory of finite element methods},
	Volume = {15},
	Year = {2007}}

@inproceedings{goodfellow2014generative,
	Author = {Goodfellow, Ian and Pouget-Abadie, Jean and Mirza, Mehdi and Xu, Bing and Warde-Farley, David and Ozair, Sherjil and Courville, Aaron and Bengio, Yoshua},
	Booktitle = {Advances in neural information processing systems},
	Date-Added = {2018-06-22 12:40:06 +0000},
	Date-Modified = {2018-06-22 12:40:06 +0000},
	Pages = {2672--2680},
	Title = {Generative adversarial nets},
	Year = {2014}}

@inproceedings{konda2000actor,
	Author = {Konda, Vijay R and Tsitsiklis, John N},
	Booktitle = {Advances in neural information processing systems},
	Date-Added = {2018-06-22 12:37:52 +0000},
	Date-Modified = {2018-06-22 12:37:52 +0000},
	Pages = {1008--1014},
	Title = {Actor-critic algorithms},
	Year = {2000}}
